@misc{Handlebars75:online,
author = {},
title = {Handlebars.js: Minimal Templating on Steroids},
howpublished = {\url{http://handlebarsjs.com/}},
month = {},
year = {},
note = {(Accessed on 11/20/2017)}
}

@misc{Django:online,
author = {},
title = {Writing your first Django app, part 1 | Django documentation | Django},
howpublished = {\url{https://docs.djangoproject.com/en/1.11/intro/tutorial01/}},
month = {},
year = {},
note = {(Accessed on 11/20/2017)}
}

@misc{heroku:online,
author = {},
title = {Pricing | Heroku},
howpublished = {\url{https://www.heroku.com/pricing}},
month = {},
year = {},
note = {(Accessed on 11/20/2017)}
}

@misc{GitHubPa21:online,
author = {},
title = {GitHub Pages | Websites for you and your projects, hosted directly from your GitHub repository. Just edit, push, and your changes are live.},
howpublished = {\url{https://pages.github.com/}},
month = {},
year = {},
note = {(Accessed on 11/20/2017)}
}