@misc{RaspberryPi,
author = {},
title = {Raspberry Pi Downloads - Software for the Raspberry Pi},
howpublished = {\url{https://www.raspberrypi.org/downloads/}},
month = {},
year = {},
note = {(Accessed on 11/09/2017)}
}

@misc{ROS_OS,
author = {},
title = {ROS Kinetic installation instructions},
howpublished = {\url{http://wiki.ros.org/kinetic/Installation}},
month = {},
year = {},
note = {(Accessed on 11/09/2017)}
}

@misc{MRDS_OS,
author = {},
title = {Microsoft Robotics Developer Studio 4},
howpublished = {\url{http://www.microsoft.com/en-us/download/details.aspx?id=29081}},
month = {},
year = {},
note = {(Accessed on 11/09/2017)}
}

@misc{UbuntuCoreAnswer,
author = {Frisch, Morten},
title = {How do you compare Ubuntu Server to Snappy Ubuntu Core? - Ask Ubuntu},
howpublished = {\url{https://askubuntu.com/questions/589426/how-do-you-compare-ubuntu-server-to-snappy-ubuntu-core}},
month = {March},
year = {2015},
note = {(Accessed on 11/09/2017)}
}

@misc{UbuntuCore,
author = {Canonical},
title = {Ubuntu Core},
howpublished = {\url{https://www.ubuntu.com/core}},
month = {},
year = {2017},
note = {(Accessed on 11/09/2017)}
}

@misc{WinHardware,
author = {Clay, Sarah and Amadio, Lou and Kedia, Namrata},
title = {Hardware Compatbility List - Windows IoT | Microsoft Docs},
howpublished = {\url{https://docs.microsoft.com/en-us/windows/iot-core/learn-about-hardware/hardwarecompatlist}},
month = {August},
year = {2017},
note = {(Accessed on 11/09/2017)}
}

@misc{Raspbian,
author = {},
title = {Raspbian},
howpublished = {\url{https://www.raspberrypi.org/downloads/raspbian/}},
month = {},
year = {},
note = {(Accessed on 11/09/2017)}
}

@misc{Raspbian2,
author = {},
title = {FrontPage - Raspbian},
howpublished = {\url{http://www.raspbian.org/}},
month = {},
year = {},
note = {(Accessed on 11/09/2017)}
}

@book{MRPT,
author = {Claraco, Jose Luis Blanco},
title = {Development of Scientific Applications with the Mobile Robot Programming Toolkit},
year = 2010,
month = October
}

@misc{MRDS,
author = {},
title = {Overview | Microsoft Robotics Developer Studio},
howpublished = {\url{https://msdn.microsoft.com/en-us/library/bb483024.aspx}},
month = {},
year = {},
note = {(Accessed on 11/09/2017)}
}

@misc{ROS,
author = {},
title = {ROS.org | About ROS},
howpublished = {\url{http://www.ros.org/about-ros/}},
month = {},
year = {},
note = {(Accessed on 11/09/2017)}
}

@misc{ROS2,
author = {},
title = {ROS/Introduction - ROS Wiki},
howpublished = {\url{http://wiki.ros.org/ROS/Introduction}},
month = {},
year = {},
note = {(Accessed on 11/09/2017)}
}