@misc{USLI_handbook,
author = {Sandra May},
title = {Student Launch Handbook | NASA},
howpublished = {\url{https://www.nasa.gov/audience/forstudents/studentlaunch/handbook/index.html}},
month = {August},
year = {2017},
note = {(Accessed on 10/09/2017)}
}